@Inbook{Chung:2004,
author="Chung, Fan
and Lu, Linyuan",
chapter="The Small World Phenomenon in Hybrid Power Law Graphs",
title="Complex Networks",
year="2004",
publisher="Springer Berlin Heidelberg",
address="Berlin, Heidelberg",
pages="89--104",
isbn="978-3-540-44485-5",
doi="10.1007/978-3-540-44485-5_4",
url="http://dx.doi.org/10.1007/978-3-540-44485-5_4"
}

@article{Gleich:2015,
  title = {{PageRank} beyond the Web},
  author = {David F. Gleich},
  journal = {SIAM Review},
  pages = {321--363},
  volume = {57},
  year = {2015},
  month = {August},
  number = {3},
  abstract = {Google's PageRank method was developed to evaluate the importance of web-pages via their link structure. The mathematics of PageRank, however, are entirely general and apply to any graph or network in any domain. Thus, PageRank is now regularly used in bibliometrics, social and information network analysis, and for link prediction and recommendation. It's even used for systems analysis of road networks, as well as biology, chemistry, neuroscience, and physics. We'll see the mathematics and ideas that unite these diverse applications.},
  doi = {10.1137/140976649},
  file = {:Gleich 2015 - prbeyond.pdf},
  owner = {David F. Gleich},
  timestamp = {2014.08.08}
}


@article{Livne:2012,
author = {Oren E. Livne and Achi Brandt},
title = {Lean Algebraic Multigrid (LAMG): Fast Graph Laplacian Linear Solver},
journal = {SIAM Journal on Scientific Computing},
volume = {34},
number = {4},
pages = {B499-B522},
year = {2012},
doi = {10.1137/110843563},

URL = { 
        http://dx.doi.org/10.1137/110843563
    
},
eprint = { 
        http://dx.doi.org/10.1137/110843563   
}
}

@article{Watts:1998,
  title={Collective dynamics of 'small-world' networks},
  author={Watts, Duncan J and Strogatz, Steven H},
  journal={nature},
  volume={393},
  number={6684},
  pages={440--442},
  year={1998},
  publisher={Nature Publishing Group}
}

@article{Napov:2015,
  title={An efficient method for graph Laplacian systems},
  author={Napov, Artem and Notay, Yvan and others},
  journal={Electronic transactions on numerical analysis},
  year={2015}
}

@inproceedings{Spielman:2010,
  title={Algorithms, graph theory, and linear equations in Laplacian matrices},
  author={Spielman, Daniel A},
  booktitle={Proceedings of the International Congress of Mathematicians},
  volume={4},
  pages={2698--2722},
  year={2010}
}

@article{Spielman:2008,
  author    = {Daniel A. Spielman and
               Shang{-}Hua Teng},
  title     = {Spectral Sparsification of Graphs},
  journal   = {CoRR},
  volume    = {abs/0808.4134},
  year      = {2008},
  url       = {http://arxiv.org/abs/0808.4134},
  timestamp = {Mon, 05 Dec 2011 18:05:37 +0100},
  biburl    = {http://dblp.uni-trier.de/rec/bib/journals/corr/abs-0808-4134},
  bibsource = {dblp computer science bibliography, http://dblp.org}
}

@article{Koutis:2011,
  title={Combinatorial preconditioners and multilevel solvers for problems in computer vision and image processing},
  author={Koutis, Ioannis and Miller, Gary L and Tolliver, David},
  journal={Computer Vision and Image Understanding},
  volume={115},
  number={12},
  pages={1638--1646},
  year={2011},
  publisher={Elsevier}
}

@inproceedings{Koutis:2007,
  title={A linear work, O (n 1/6) time, parallel algorithm for solving planar Laplacians},
  author={Koutis, Ioannis and Miller, Gary L},
  booktitle={Proceedings of the eighteenth annual ACM-SIAM symposium on Discrete algorithms},
  pages={1002--1011},
  year={2007},
  organization={Society for Industrial and Applied Mathematics}
}

@unpublished{Vaidya:1991,
title= {Solving linear equations with symmetric diagonally dominant matrices by constructing good preconditioners},
author = {Vaidya, Pravin},
year = {1991},
note= {IMA Workshop on Graph Theory and Sparse Matrix Computation},
}

@article{Koutis:2010,
  author    = {Ioannis Koutis and
               Gary L. Miller and
               Richard Peng},
  title     = {Approaching optimality for solving {SDD} systems},
  journal   = {CoRR},
  volume    = {abs/1003.2958},
  year      = {2010},
  url       = {http://arxiv.org/abs/1003.2958},
  timestamp = {Mon, 05 Dec 2011 18:05:22 +0100},
  biburl    = {http://dblp.uni-trier.de/rec/bib/journals/corr/abs-1003-2958},
  bibsource = {dblp computer science bibliography, http://dblp.org}
}

@article{Urschel:2014,
  title={A cascadic multigrid algorithm for computing the Fiedler vector of graph Laplacians},
  author={Urschel, John C and Hu, Xiaozhe and Xu, Jinchao and Zikatanov, Ludmil T},
  journal={arXiv preprint arXiv:1412.0565},
  year={2014}
}

@book{Brandt:1984,
  title={Multigrid techniques: 1984 guide with applications to fluid dynamics},
  author={Brandt, Achi and Livne, Oren E},
  volume={67},
  year={2011},
  publisher={SIAM}
}

@article{Miller:1995,
  title={Flow in planar graphs with multiple sources and sinks},
  author={Miller, Gary L and Naor, Joseph},
  journal={SIAM Journal on Computing},
  volume={24},
  number={5},
  pages={1002--1017},
  year={1995},
  publisher={SIAM}
}

@inproceedings{Hagberg:2008,
author = {Aric A. Hagberg and Daniel A. Schult and Pieter J. Swart},
title = {Exploring network structure, dynamics, and function using {NetworkX}},
year = {2008},
month = Aug,
urlpdf = {http://math.lanl.gov/~hagberg/Papers/hagberg-2008-exploring.pdf},
booktitle = {Proceedings of the 7th Python in Science Conference (SciPy2008)},
editors = {G\"{a}el Varoquaux, Travis Vaught, and Jarrod Millman},
address = {Pasadena, CA USA},
pages = {11--15}
}

@article{Dalcin:2011,
  title={Parallel distributed computing using python},
  author={Dalcin, Lisandro D and Paz, Rodrigo R and Kler, Pablo A and Cosimo, Alejandro},
  journal={Advances in Water Resources},
  volume={34},
  number={9},
  pages={1124--1139},
  year={2011},
  publisher={Elsevier}
}

@TechReport{petsc-user-ref,
            author = {Satish Balay and Shrirang Abhyankar and Mark~F. Adams and Jed Brown and Peter Brune
                      and Kris Buschelman and Lisandro Dalcin and Victor Eijkhout and William~D. Gropp
                      and Dinesh Kaushik and Matthew~G. Knepley
                      and Lois Curfman McInnes and Karl Rupp and Barry~F. Smith
                      and Stefano Zampini and Hong Zhang},
            title  = {{PETS}c Users Manual},
            institution = {Argonne National Laboratory},
            year   = 2015,
            number = {ANL-95/11 - Revision 3.6},
            url    = {http://www.mcs.anl.gov/petsc}
}

@inproceedings{Mcauley:2012,
  title={Learning to Discover Social Circles in Ego Networks.},
  author={McAuley, Julian J and Leskovec, Jure},
  booktitle={NIPS},
  volume={2012},
  pages={548--56},
  year={2012}
}

@article{Simonis:2009,
  title={Empirically controlled mapping of the Caenorhabditis elegans protein-protein interactome network},
  author={Simonis, Nicolas and Rual, Jean-Fran{\c{c}}ois and Carvunis, Anne-Ruxandra and Tasan, Murat and Lemmens, Irma and Hirozane-Kishikawa, Tomoko and Hao, Tong and Sahalie, Julie M and Venkatesan, Kavitha and Gebreab, Fana and others},
  journal={Nature methods},
  volume={6},
  number={1},
  pages={47--54},
  year={2009},
  publisher={Nature Publishing Group}
}

@article{Duch:2005,
  title={Community detection in complex networks using extremal optimization},
  author={Duch, Jordi and Arenas, Alex},
  journal={Physical review E},
  volume={72},
  number={2},
  pages={027104},
  year={2005},
  publisher={APS}
}

@article{White:1986,
  title={The structure of the nervous system of the nematode Caenorhabditis elegans: the mind of a worm},
  author={White, JG and Southgate, E and Thomson, JN and Brenner, S},
  journal={Phil. Trans. R. Soc. Lond},
  volume={314},
  pages={1--340},
  year={1986}
}

@article{Page:1999,
  title={The PageRank citation ranking: bringing order to the web.},
  author={Page, Lawrence and Brin, Sergey and Motwani, Rajeev and Winograd, Terry},
  year={1999},
  publisher={Stanford InfoLab}
}

@article{Jiang:2009,
  title={Gene prioritization for type 2 diabetes in tissue-specific protein interaction networks},
  author={Jiang, Biao-Bin and Wang, Ji-Guang and Wang, Y and Xiao, JF},
  journal={Syst Biol},
  volume={10801131},
  pages={319--28},
  year={2009}
}

@article{Liu:2005,
  title={Co-authorship networks in the digital library research community},
  author={Liu, Xiaoming and Bollen, Johan and Nelson, Michael L and Van de Sompel, Herbert},
  journal={Information processing \& management},
  volume={41},
  number={6},
  pages={1462--1480},
  year={2005},
  publisher={Elsevier}
}

@article{Kim:2013,
  title={Root cause detection in a service-oriented architecture},
  author={Kim, Myunghwan and Sumbaly, Roshan and Shah, Sam},
  journal={ACM SIGMETRICS Performance Evaluation Review},
  volume={41},
  number={1},
  pages={93--104},
  year={2013},
  publisher={ACM}
}