@Inbook{Chung2004,
author="Chung, Fan
and Lu, Linyuan",
chapter="The Small World Phenomenon in Hybrid Power Law Graphs",
title="Complex Networks",
year="2004",
publisher="Springer Berlin Heidelberg",
address="Berlin, Heidelberg",
pages="89--104",
isbn="978-3-540-44485-5",
doi="10.1007/978-3-540-44485-5_4",
url="http://dx.doi.org/10.1007/978-3-540-44485-5_4"
}

