@article{mrx05, 
auTHor = "Mr. X", 
Title = {Something Great}, 
publisher = "nobody", 
YEAR = 2005, 
} 